
@inproceedings{vanjacobson,
  author = {Van Jacobson and Michael J. Karels},
  title = {Congestion Avoidance and Control},
  booktitle = {SIGCOMM},
  year = {1988}
}


@inproceedings{le2016understanding,
    author = {Le, Franck and Nahum, Erich and Kandlur, Dilip},
    title = {Understanding the Performance and Bottlenecks of Cloud-Routed Overlay Networks: A Case Study},
    booktitle = {CAN},
    year = {2016},
    publisher = {ACM}
}

@inproceedings{siracusano2016miniproxy,
    author = {Siracusano, Giuseppe and Bifulco, Roberto and Kuenzer, Simon and Salsano, Stefano and Melazzi, Nicola Blefari and Huici, Felipe},
    title = {On the Fly TCP Acceleration with Miniproxy},
    booktitle = {HotMIddlebox},
    year = {2016},
    pages = {44--49},
    publisher = {ACM},
    keywords = {Early SYN Forwarding, HTTP proxy, Middleboxes, TCP Acceleration, TCP proxy, Unikernels}
}

@inproceedings{jeyakumar2012eyeq,
    author = {Vimalkumar Jeyakumar and Mohammad Alizadeh and David Mazi{\`{e}}res and Balaji Prabhakar and Changhoon Kim},
    title = {EyeQ: Practical Network Performance Isolation for the Multi-tenant Cloud},
    booktitle = {HotCloud},
    year = {2012},
}

@inproceedings{narayan2017ccp,
  author    = {Akshay Narayan and Frank Cangialosi and Prateesh Goyal and Srinivas Narayana and Mohammad Alizadeh and Hari Balakrishnan},
  title     = {The Case for Moving Congestion Control Out of the Datapath},
  booktitle = {HotNets},
  pages     = {101--107},
  year      = {2017},
}

@inproceedings{alizadeh2010dctcp,
  author    = {Mohammad Alizadeh and Albert G. Greenberg and David A. Maltz and Jitendra Padhye and Parveen Patel and Balaji Prabhakar and Sudipta Sengupta and Murari Sridharan},
  title     = {Data center {TCP} {(DCTCP)}},
  booktitle = {SIGCOMM},
  pages     = {63--74},
  year      = {2010},
}

@inproceedings{keqiang2016acdc,
  author    = {Keqiang He and Eric Rozner and Kanak Agarwal and Yu (Jason) Gu and Wes Felter and John B. Carter and Aditya Akella},
  title     = {{AC/DC} {TCP:} Virtual Congestion Control Enforcement for Datacenter
               Networks},
  booktitle = {SIGCOMM},
  pages     = {244--257},
  year      = {2016},
}

@article{jang2015silo,
    author = {Jang, Keon and Sherry, Justine and Ballani, Hitesh and Moncaster, Toby},
    title = {Silo: Predictable Message Latency in the Cloud},
    booktitle = {SIGCOMM},
    year = {2015},
} 

@inproceedings{chakravorty2003aggregation,
  author    = {Rajiv Chakravorty and Sachin Katti and Ian Pratt and
               Jon Crowcroft},
  title     = {Flow Aggregation for Enhanced {TCP} over Wide Area Wireless},
  booktitle = {INFOCOM},
  pages     = {1754--1764},
  year      = {2003},
}

@inproceedings{jose2015proactive,
 author = {Jose, Lavanya and Yan, Lisa and Alizadeh, Mohammad and Varghese, George and McKeown, Nick and Katti, Sachin},
 title = {High Speed Networks Need Proactive Congestion Control},
 booktitle = {HotNets},
 year = {2015},
} 

@inproceedings{le2015experiences,
    author = {Le, Franck and Nahum, Erich and Pappas, Vasilis and Touma, Maroun and Verma, Dinesh},
    title = {Experiences Deploying a Transparent Split {TCP} Middlebox and the Implications for {NFV}},
    booktitle = {HotMiddlebox},
    year = {2015},
    pages = {31--36},
} 

@inproceedings{flach2013reducing,
    author = {Flach, Tobias and Dukkipati, Nandita and Terzis, Andreas and Raghavan, Barath and Cardwell, Neal and Cheng, Yuchung and Jain, Ankur and Hao, Shuai and Katz-Bassett, Ethan and Govindan, Ramesh},
    title = {Reducing Web Latency: The Virtue of Gentle Aggression},
    booktitle = {SIGCOMM},
    year = {2013},
    pages = {159--170},
} 

@inproceedings{barre2010mptcp,
    author    = {S{\'{e}}bastien Barr{\'{e}} and
               Olivier Bonaventure and
               Costin Raiciu and
               Mark Handley},
    title     = {Experimenting with multipath {TCP}},
    booktitle = {SIGCOMM},
    pages     = {443--444},
    year      = {2010},
}

@inproceedings{mittal2015timely,
    author    = {Radhika Mittal and
               Vinh The Lam and
               Nandita Dukkipati and
               Emily R. Blem and
               Hassan M. G. Wassel and
               Monia Ghobadi and
               Amin Vahdat and
               Yaogong Wang and
               David Wetherall and
               David Zats},
    title     = {{TIMELY:} RTT-based Congestion Control for the Datacenter},
    booktitle = {SIGCOMM},
    pages     = {537--550},
    year      = {2015},
}

@misc{vmxnet3,
title={vmxnet3},
howpublished={\url{https://www.vmware.com/pdf/vsp_4_vmxnet3_perf.pdf}},
author={VMware}
}

@misc{virtio,
title={vmxnet3},
howpublished={\url{https://www.linux-kvm.org/page/Virtio}},
author={KVM}
}

@misc{posted,
title={Intel VT-d, Posted Interrupts},
howpublished={\url{https://events.static.linuxfound.org/sites/events/files/slides/VT-d\%20Posted\%20Interrupts-final\%20.pdf}},
author={Feng Wu and Jun Nakajima }
}

@inproceedings{Elvis,
  title={Towards exitless and efficient paravirtual I/O},
  author={Gordon, Abel and Har'El, Nadav and Landau, Alex and Ben-Yehuda, Muli and Traeger, Avishay},
  booktitle={Proceedings of the 5th Annual International Systems and Storage Conference},
  pages={10},
  year={2012},
  organization={ACM}
}

@article{Eli,
  title={ELI: bare-metal performance for I/O virtualization},
  author={Gordon, Abel and Amit, Nadav and Har'El, Nadav and Ben-Yehuda, Muli and Landau, Alex and Schuster, Assaf and Tsafrir, Dan},
  journal={ACM SIGPLAN Notices},
  volume={47},
  number={4},
  pages={411--422},
  year={2012},
  publisher={ACM}
}

@article{CRONets,
  title={{CRONets}: Cloud-Routed Overlay Networks},
  author={Cai, Chris and Le, Franck and Sun, Xin and Xie, Geoffrey and Jamjoom, Hani and Campbell, Roy},
  journal={ICDCS},
  year=2016
}

@misc{apnic2017bgp,
  title         = {{BGP in 2017}},
  howpublished  = {\url{https://labs.apnic.net/?p=1102}},
  author = {{APNIC Labs}},
  note = {Accessed: Jan 2018},
}
@misc{baloon,
howpublished={\url{https://pubs.vmware.com/vfabric53/index.jsp?topic=/com.vmware.vfabric.em4j.1.3/overview/vmware-tools-balloon.html}},
author={VMware},
title={Baloon Driver}
}

@misc{hotadd,
howpublished={\url{https://pubs.vmware.com/vsphere-50/index.jsp?topic=\%2Fcom.vmware.vsphere.vm_admin.doc_50\%2FGUID-0B4C3128-F854-43B9-9D80-A20C0C8B0FF7.html}},
author={{VMware}},
title={Hot Add}
}

@misc{kuhne2012ripe,
  title         = {Update on AS Path Lengths Over Time - {RIPE} Labs},
  howpublished  = {\url{https://labs.ripe.net/Members/mirjam/update-on-as-path-lengths-over-time}},
  author = {Mirjam Kühne},
  year = {2012},
  note = {Accessed: Jan 2018},
}

@inproceedings{haq2017measuring,
    author = {Haq, Osama and Raja, Mamoon and Dogar, Fahad R.},
    title = {Measuring and Improving the Reliability of Wide-Area Cloud Paths},
    booktitle = {WWW},
    year = {2017},
    pages = {253--262},
}

@techreport{nagle,
  author = {J. Nagle},
  title = {Congestion Control in IP/TCP Internetworks},
  howpublished = {Internet Requests for Comments},
  type = {RFC},
  number = {896},
  year = {1984},
  month = {January},
  issn = {2070-1721},
  publisher = {RFC Editor},
  institution = {RFC Editor},
note = {Accessed: Jan 2018},
}

@incollection{kelly2001mathematical,
  title={Mathematical modelling of the Internet},
  author={Kelly, Frank},
  booktitle={Mathematics unlimited—2001 and beyond},
  pages={685--702},
  year={2001},
  publisher={Springer}
}

@inproceedings{yap2017taking,
  title={Taking the edge off with espresso: Scale, reliability and programmability for global internet peering},
  author={Yap, Kok-Kiong and Motiwala, Murtaza and Rahe, Jeremy and Padgett, Steve and Holliman, Matthew and Baldus, Gary and Hines, Marcus and Kim, Taeeun and Narayanan, Ashok and Jain, Ankur and others},
  booktitle={Proceedings of the Conference of the ACM Special Interest Group on Data Communication},
  pages={432--445},
  year={2017},
  organization={ACM}
}

@inproceedings{schlinker2017engineering,
  title={Engineering egress with edge fabric: steering oceans of content to the world},
  author={Schlinker, Brandon and Kim, Hyojeong and Cui, Timothy and Katz-Bassett, Ethan and Madhyastha, Harsha V and Cunha, Italo and Quinn, James and Hasan, Saif and Lapukhov, Petr and Zeng, Hongyi},
  booktitle={Proceedings of the Conference of the ACM Special Interest Group on Data Communication},
  pages={418--431},
  year={2017},
  organization={ACM}
}

@misc{gcp2018spending,
  title         = {Expanding our global infrastructure with new regions and subsea cables - {Google Cloud}},
  howpublished  = {\url{https://www.blog.google/topics/google-cloud/expanding-our-global-infrastructure-new-regions-and-subsea-cables/}},
  author = {Ben Treynor Sloss},
  note = {Published Jan 16, 2018},
}

@misc{aws2018spending,
  title         = {Announcing Network Performance Improvements for Amazon EC2 Instances},
  howpublished  = {\url{https://aws.amazon.com/about-aws/whats-new/2018/01/announcing-network-performance-improvements-for-amazon-ec2-instances/}},
  author = {AWS},
  note = {Published Jan 26, 2018},
}

@misc{microsoft2018spending,
  title         = {Maximize your {VM}’s Performance with {A}ccelerated {N}etworking - {Microsoft Azure}},
  howpublished  = {\url{https://azure.microsoft.com/en-us/blog/maximize-your-vm-s-performance-with-accelerated-networking-now-}\\\url{generally-available-for-both-windows-and-linux/}},
  author = {Gabriel Silva},
  note = {Published Jan 5, 2018},
}

@inproceedings{quic,
 author = {Langley, Adam and Riddoch, Alistair and Wilk, Alyssa and Vicente, Antonio and Krasic, Charles and Zhang, Dan and Yang, Fan and Kouranov, Fedor and Swett, Ian and Iyengar, Janardhan and Bailey, Jeff and Dorfman, Jeremy and Roskind, Jim and Kulik, Joanna and Westin, Patrik and Tenneti, Raman and Shade, Robbie and Hamilton, Ryan and Vasiliev, Victor and Chang, Wan-Teh and Shi, Zhongyi},
 title = {The {QUIC} Transport Protocol: Design and Internet-Scale Deployment},
 booktitle = {Proceedings of the Conference of the ACM Special Interest Group on Data Communication},
 series = {SIGCOMM '17},
 year = {2017},
 isbn = {978-1-4503-4653-5},
 location = {Los Angeles, CA, USA},
 pages = {183--196},
 numpages = {14},
 url = {http://doi.acm.org/10.1145/3098822.3098842},
 doi = {10.1145/3098822.3098842},
 acmid = {3098842},
 publisher = {ACM},
 address = {New York, NY, USA},
} 
